
@misc{doea_new_rules_hunting_rhino,
	key =          {},
	author =        {Albi Modise},
	title =        {Rules tightened on rhino trophy hunting
	},
	howpublished = {},
	institution  = {Department of Environmental Affairs, SA},
	day =       4,
	month =     {July},
	year =         2012,
	note =         {\url{http://www.politicsweb.co.za/documents/rules-tightened-on-rhino-trophy-hunting--doea} Accessed: 26-6-2017}
}

@misc{reuters_horntrade_2017,
	key =          {},
	author =        {Ed Stoddard},
	title =        {South Africa's top court lifts ban on domestic sales in rhino horn
	},
	howpublished = {},
	institution  = {Reuters},
	day =       5,
	month =     {April},
	year =         2017,
	note =         {\url{http://af.reuters.com/article/topNews/idAFKBN1771VD-OZATP} Accessed: 26-6-2017}
}

@misc{NG_elephant_census,
	key =          {},
	author =        {Paul Steyn},
	title =        {African Elephant Numbers Plummet 30 Percent, Landmark Survey Finds
	},
	howpublished = {},
	institution  = {National Geographic},
	day =       14,
	month =     {June},
	year =         2017,
	note =         {\url{http://news.nationalgeographic.com/2016/08/wildlife-african-elephants-population-decrease-great-elephant-census/}Accessed: 14-6-2017}
}

@misc{wildaid_ban_synthetic,
	key =          {},
    author =        {WildAid},
	title =        {WildAid Calls for Ban on Synthetic Rhino Horn Exports
	},
	howpublished = {},
	institution  = {WildAid},
	day =       20,
	month =     {May},
	year =         2016,
	note =         {\url{http://wildaid.org/news/wildaid-calls-ban-synthetic-rhino-horn-exports} Accessed: 20-5-2016}
}


@misc{savingwild_taiwanpiece,
	key =          {},
    author =        {Saving The Wild},
	title =        {South Africa rejects rhino horn legalization
	},
	howpublished = {},
	institution  = {Saving The Wild},
	day =       20,
	month =     {May},
	year =         2016,
	note =         {\url{http://www.savingthewild.com/2016/04/south-africa-rejects-rhino-horn-legalization/} Accessed: 20-5-2016}
}


@misc{traffic_cure_website,
	key =          {},
    author =        {Traffic},
	title =        {New cure for rhino poaching
	},
	howpublished = {},
	institution  = {Traffic},
	day =       20,
	month =     {May},
	year =         2016,
	note =         {\url{http://www.traffic.org/home/2015/12/7/new-cure-for-rhino-poaching.html} Accessed: 20-5-2016}
}


@misc{wildaid_website,
	key =          {},
    author =        {WildAid},
	title =        {WildAid
	},
	howpublished = {},
	institution  = {WildAid},
	day =       14,
	month =     {June},
	year =         2017,
	note =         {\url{http://wildaid.org/} Accessed: 14-6-2017}
}

@misc{arfican_statement_april_2016,
	key =          {},
    author =        {Republic of South Africa},
	title =        {Statement on the Cabinet Meeting of 13 April 2016
	},
	howpublished = {},
	institution  = {Government Communication and Information System, Republic of South Africa},
	day =       11,
	month =     {May},
	year =         2016,
	note =         {\url{http://www.gcis.gov.za/newsroom/media-releases/statement-cabinet-meeting-13-april-2016} Accessed: 11-5-2016}
}


@misc{traffic_mozam,
	key =          {},
    author =        {Traffic},
	title =        {Mozambique commits to tackling wildlife crime
	},
	howpublished = {},
	institution  = {Traffic},
	day =       6,
	month =     {January},
	year =         2016,
	note =         {\url{http://www.traffic.org/home/2013/7/30/mozambique-commits-to-tackling-wildlife-crime.html} Accessed: 6-1-2016}
}

@misc{intel_rhino_chip,
	key =          {},
    author =        {Intel},
	title =        {Anti-Poaching Technology: Wearables are Helping Save Rhinos
	},
	howpublished = {},
	institution  = {Intel},
	day =       14,
	month =     {December},
	year =         2015,
	note =         {\url{http://blogs.intel.com/csr/2014/08/rhino/} Accessed: 14-12-2015}
}

@misc{wwfliftbanhorntrade,
	key =          {},
    author =        {WWF},
	title =        {South African court lifts ban on domestic rhino horn trade
	},
	howpublished = {},
	institution  = {WWF},
	day =       10,
	month =     {December},
	year =         2015,
	note =         {\url{http://wwf.panda.org/?unewsid=257112} Accessed: 10-12-2015}
}


@misc{wcuavc_web,
	key =          {},
    author =        {WCUAVC},
	title =        {Wildlife Conservation UAV Challenge
	},
	howpublished = {},
	institution  = {},
	day =       10,
	month =     {December},
	year =         2015,
	note =         {\url{ http://www.wcuavc.com/} Accessed: 10-12-2015}
}


@misc{pembient_web,
	key =          {},
    author =        {IEEE},
	title =        {Biotech and 3-D Printing Could Make Rhino Poaching Pointless
	},
	howpublished = {IEEE Spectrum},
	institution  = {IEEE Spectrum},
	day =       7,
	month =     {December},
	year =         2015,
    note = {\url{http://goo.gl/NDaEU0} Accessed: 7-12-2015}
}

@misc{bumblebee_web,
	key =          {},
    author =        {The samraksh company},
	title =        {The samraksh company
	},
	howpublished = {},
	institution  = {},
	day =       7,
	month =     {December},
	year =         2015,
	note =         {\url{https://samraksh.com} Accessed: 7-12-2015}
}

@misc{wci_web,
	key =          {},
    author =        {Wildlife Crime Initiative},
	title =        {Wildlife Crime Initiative
	},
	howpublished = {},
	institution  = {},
	day =       3,
	month =     {December},
	year =         2015,
	note =         {\url{http://goo.gl/5EMlQU} Accessed: 3-12-2015}
}

@misc{traffic_web,
	key =          {},
    author =        {TRAFFIC},
	title =        {TRAFFIC website
	},
	howpublished = {},
	institution  = {},
	day =       20,
	month =     {November},
	year =         2015,
	note =         {\url{https://www.traffic.org/} Accessed: 20-11-2015}
}

@misc{cites_web,
	key =          {},
    author =        {CITES},
	title =        {CITES website
	},
	howpublished = {},
	institution  = {},
	day =       20,
	month =     {November},
	year =         2015,
	note =         {\url{https://www.cites.org/} Accessed: 20-11-2015}
}
@misc{dehoring_web,
	key =          {},
    author =        {Save~The~Rhino},
	title =        {De-horning
	},
	howpublished = {},
	institution  = {},
	day =       9,
	month =     {December},
	year =         2015,
	note =         {\url{https://www.savetherhino.org/rhino_info/issues_for_debate/de-horning} Accessed: 26-6-2017}
}


@misc{Dyeing2_web,
	key =          {},
    author =        {Rhino Rescue Project},
	title =        {Rhino Horn Infusion in Action
	},
	howpublished = {},
	institution  = {},
	day =       18,
	month =     {August},
	year =         2016,
	note =         {\url{http://rhinorescueproject.org/infusion-in-action/} Accessed: 18-8-2016}
}

@misc{legalizedehoring_web,
	key =          {},
    author =        {Dailymail},
	title =        {Farming rhinos and legalising sale of their horns worth more than gold 'will save them from extinction', claims farmer
	},
	howpublished = {},
	institution  = {},
	day =       9,
	month =     {December},
	year =         2015,
	note =         {\url{http://www.dailymail.co.uk/news/article-2195803/.html} Accessed: 9-12-2015}
}

@misc{air_shepherd,
	key =          {},
    author =        {Air Shepherd},
	title =        {Air Shepherd Initiative
	},
	howpublished = {},
	institution  = {},
	day =       26,
	month =     {November},
	year =         2015,
	note =         {\url{http://airshepherd.org/} Accessed: 26-11-2015}
}

@misc{news24_silencer,
	key =          {},
    author =        {News24},
	title =        {Ex-soldier allegedly used silencers to poach rhino in Kruger Park
	},
	howpublished = {},
	institution  = {News24},
	day =       25,
	month =     {November},
	year =         2015,
	note =         {\url{http://www.news24.com/SouthAfrica/News/Ex-soldier-allegedly-used-silencers-to-poach-rhinos-in-Kruger-Park-20150921} Accessed: 25-11-2015}
}


@misc{cyanide_poisonings,
	key =          {},
    author =        {Oscar Nkala},
	title =        {What Do New Cyanide Poisonings Mean for Zimbabweâ€™s Elephants?
	},
	howpublished = {},
	institution  = {},
	day =       25,
	month =     {November},
	year =         2015,
	note =         {\url{http://goo.gl/KtSHOh} Accessed: 25-11-2015}
}

@misc{poacher_profile,
	key =          {},
    author =        {Mmegionline},
	title =        {Profile of a Poacher
	},
	howpublished = {},
	institution  = {},
	day =       25,
	month =     {November},
	year =         2015,
	note =         {\url{http://goo.gl/gNqVH8} Accessed: 25-11-2015}
}


@misc{ProjectRAPID2_,
	key =          {},
    author =        {NOS},
	title =        {'Rhino-cam' moet stropers op heterdaad betrappen
	},
	howpublished = {},
	institution  = {},
	day =       15,
	month =     {October},
	year =         2015,
	note =         {\url{http://goo.gl/44EHeS} Accessed: 15-10-2015}
}

@misc{GPSCollar,
	key =          {},
    author =        {AWF},
	title =        {GPS Collar	},
	howpublished = {},
	institution  = {},
	day =       15,
	month =     {October},
	year =         2015,
	note =         {\url{http://www.awt.co.za/} Accessed: 15-10-2015}
}

@misc{ProjectRAPID,
	key =          {},
    author =        {Steve Piper},
	title =        {
			New Invention Could Drive Poaching Towards Extinction},
	howpublished = {},
	institution  = {Project RAPID},
	day =       15,
	month =     {October},
	year =         2015,
	note =         {\url{http://www.hsi.org/world/united_kingdom/news/releases/2015/07/protect-rapid-072015.html} Accessed: 15-10-2015}
}

@misc{SouthAfrican,
	key =          {},
    author =        {David Smith},
	title =        {South African game reserve poisons rhino's horns to prevent poaching},
	howpublished = {},
	institution  = {The Guardian},
	day =       15,
	month =     {October},
	year =         2015,
	note =         {\url{http://www.theguardian.com/environment/2013/apr/04/rhino-horns-poisoned-poachers-protect} Accessed: 15-10-2015}
}

@misc{AnimalSense,
	key =          {},
    author =        {Leigh Kemp},
	title =        {Animal Senses | Hearing Botswana Wildlife Behaviour},
	howpublished = {},
	institution  = {SIYABONA AFRICA},
	day =       15,
	month =     {October},
	year =         2015,
	note =         {\url{http://www.botswana.co.za/Botswana_Wildlife_Behaviour-travel/senses-hearing.html} Accessed: 15-10-2015}
}

@misc{Aljazeera,
	key =          {},
    author =        {Hannah McNeish},
	title =        {Kenya: Race against time to save the last white rhinos},
	howpublished = {},
	institution  = {Aljazeera Networks},
	day =       15,
	month =     {October},
	year =         2015,
	note =         {\url{http://www.aljazeera.com/indepth/features/2015/09/kenya-race-time-save-white-rhinos-150920135638486.html} Accessed: 15-10-2015}
}


@misc{save_rhino_website,
	key =          {},
    author =        {Save The Rhino},
	title =        {Poaching for rhino horn},
	howpublished = {},
	institution  = {Save The Rhino},
	day =       15,
	month =     {October},
	year =         2015,
	note =         {\url{https://www.savetherhino.org/rhino_info/threats_to_rhino/poaching_for_rhino_horn} Accessed: 14-06-2017}
}

@misc{PoachingStat,
	key =          {},
    author =        {Save The Rhino},
	title =        {Poaching: The Statistics},
	howpublished = {},
	institution  = {Save The Rhino},
	day =       15,
	month =     {October},
	year =         2015,
	note =         {\url{https://www.savetherhino.org/rhino_info/poaching_statistics} Accessed: 14-06-2017}
}

@misc{who_definitions,
	key =          {},
    author =        {Zhang Qi},
	title =        {Traditional Medicine: Definitions},
	howpublished = {},
	institution  = {World Health Organization},
	day =       23,
	month =     {November},
	year =         2015,
	note =         {\url{http://www.who.int/medicines/areas/traditional/definitions/en/} Accessed: 23-11-2015}
}

@misc{iucn_website,
	key =          {},
    author =        {IUCN},
	title =        {IUCN website},
	howpublished = {},
	institution  = {IUCN},
	day =       23,
	month =     {November},
	year =         2015,
	note =         {\url{http://www.iucn.org/} Accessed: 15-6-2017}
}

@misc{SanDiego_website,
	key =          {},
    author =        {Diane Bell},
	title =        {Secret elephant language discovered},
	howpublished = {},
	institution  = {San Diego Union Tribute},
	day =       15,
	month =     {Dec.},
	year =         2015,
	note =         {\url{http://www.sandiegouniontribune.com/news/2013/jun/12/san-diego-zoo-secret-language-elephants-talking/} Accessed: 15-12-2015}
}
